<?xml version="1.0" encoding="UTF-8"?><collection xmlns="http://www.loc.gov/MARC21/slim"><record><leader>00367nam--2200133-i-4500</leader><controlfield tag="001">000005466</controlfield><controlfield tag="002">20161230</controlfield><controlfield tag="005">20161230201026</controlfield><controlfield tag="008">060222s1000------------r-----000-0-eng-d</controlfield><datafield ind1=" " ind2=" " tag="100"><subfield code="a">Cook, Melvin A</subfield></datafield><datafield ind1=" " ind2=" " tag="245"><subfield code="a">The science of high explosives</subfield></datafield><datafield ind1=" " ind2=" " tag="260"><subfield code="a">New York, Reinhold Publication Corporation, 1959 Xv + 44o P</subfield></datafield><datafield ind1=" " ind2=" " tag="490"><subfield code="a">American Chemical Society</subfield></datafield><datafield ind1=" " ind2=" " tag="852"><subfield code="a">16209</subfield></datafield></record></collection>